

%---------------------------------%
%-           GeoTrans            -%
%---------------------------------%
@misc{GEOTRANS,
      author="Office of Geomatics",
      title="MSP GEOTRANS 3.5 (Geographic Translator)",
      howpublished="\url{http://earth-info.nga.mil/GandG/geotrans}",
      month="May",
      year="2015",
      note="GEOTRANS Software Application",
}

%---------------------------------%
%-         GeoHack Labs          -%
%---------------------------------%
@misc{GeoHack,
    author="Wikimedia Foundation Labs",
    title="GeoHack",
    year="2015",
    month="November",
    howpublished="\url{https://tools.wmflabs.org/geohack/}",
}

%---------------------------------%
%-          USNG Standard        -%
%---------------------------------%
@misc{USNG_Standard,
      author="Federal Geographic Data Committee",
      title="United States National Grid",
      howpublished="\url{http://www.fgdc.gov/standards/projects/FGDC-standards-projects/usng/fgdc_std_011_2001_usng.pdf}",
      year="2001",
      month="December",
      note="FGDC-STD-011-2001",
}


%-----------------------------------------------------------%
%-    Introduction to Geometrical and Physical Geometry    -%
%-----------------------------------------------------------%
@book{ Meyer_Book,
       author={Meyer,Thomas},
       title = {Introduction to Geometrical and Physical Geodesy : Foundations of Geomatics},
       publisher = {ESRI Press},
       year = {2010},
       address = {Redlands, Calif},
       isbn = {9781589482159}
}

%--------------------------------------------------------%
%-    Adjustment Computations, Spatial Data Analysis    -%
%--------------------------------------------------------%
@book{ Ghilani_Adjustment,
       title={Adjustment Computations: Spatial Data Analysis},
       author={Ghilani, C.D},
       isbn={9780471697282},
       year={2010},
       publisher={Wiley},
       edition={5th}
}

%---------------------------------------%
%-       NGA UTM Standard Document     -%
%---------------------------------------%
@misc{NGA_SIG_UTM_UPS,
      title={The Universal Grids and the Transverse Mercator and Polar Stereographic Map Projections},
      author={Office of Geomatics, National Geospatial-Intelligence Agency},
      howpublished="\url{http://earth-info.nga.mil/GandG/publications/NGA_SIG_0012_2_0_0_UTMUPS/NGA.SIG.0012_2.0.0_UTMUPS.pdf}",
      year="2014",
      month="March",
      note="NGA.SIG.0012\_2.0.0\_UTMUPS"
}
